<record><leader>00000cas a22000007a 4500</leader><controlfield tag="001">9595312</controlfield><controlfield tag="008">830610d19621968ksudr ne      0    0eng d</controlfield><datafield ind1=" " ind2=" " tag="010"><subfield code="a">sn 83040173 </subfield></datafield><datafield ind1=" " ind2=" " tag="040"><subfield code="a">KSH</subfield><subfield code="b">eng</subfield><subfield code="c">KSH</subfield><subfield code="d">NPT</subfield><subfield code="d">OCLCQ</subfield></datafield><datafield ind1=" " ind2=" " tag="042"><subfield code="a">msc</subfield></datafield><datafield ind1=" " ind2=" " tag="043"><subfield code="a">n-us-ks</subfield></datafield><datafield ind1="0" ind2="0" tag="245"><subfield code="a">Western Kansas press.</subfield></datafield><datafield ind1="1" ind2="3" tag="246"><subfield code="a">Morning Great Bend daily tribune</subfield></datafield><datafield ind1=" " ind2=" " tag="260"><subfield code="a">Great Bend, Kan. :</subfield><subfield code="b">Tribune, Inc.,</subfield><subfield code="c">1962-1968.</subfield></datafield><datafield ind1=" " ind2=" " tag="300"><subfield code="a">6 v. :</subfield><subfield code="b">ill. ;</subfield><subfield code="c">57 cm.</subfield></datafield><datafield ind1=" " ind2=" " tag="310"><subfield code="a">Daily</subfield></datafield><datafield ind1="0" ind2=" " tag="362"><subfield code="a">Vol. 1, no. 1 (Sept. 5, 1962)-v. 6, no. 270 (Aug. 31, 1968).</subfield></datafield><datafield ind1=" " ind2=" " tag="515"><subfield code="a">Vol. 1, no. 1 preceeded by un-numbered issue dated Sept. 4, 1962.</subfield></datafield><datafield ind1=" " ind2=" " tag="752"><subfield code="a">United States</subfield><subfield code="b">Kansas</subfield><subfield code="c">Barton</subfield><subfield code="d">Great Bend.</subfield></datafield><datafield ind1="0" ind2="0" tag="780"><subfield code="t">Great Bend herald-press</subfield><subfield code="w">(DLC)sn 83040188</subfield></datafield><datafield ind1="0" ind2="4" tag="785"><subfield code="t">Great Bend daily tribune (Great Bend, Kan. : 1950)</subfield><subfield code="w">(DLC)sn 86064036</subfield></datafield></record>